%YAML 1.1
%TAG !u! tag:unity3d.com,2011:
--- !u!1 &2061820252599056432
GameObject:
  m_ObjectHideFlags: 0
  m_CorrespondingSourceObject: {fileID: 0}
  m_PrefabInstance: {fileID: 0}
  m_PrefabAsset: {fileID: 0}
  serializedVersion: 6
  m_Component:
  - component: {fileID: 5588209645214417881}
  - component: {fileID: 7311583696175242436}
  - component: {fileID: 4306045537015127347}
  m_Layer: 0
  m_Name: RocketLauncher
  m_TagString: Untagged
  m_Icon: {fileID: 0}
  m_NavMeshLayer: 0
  m_StaticEditorFlags: 0
  m_IsActive: 1
--- !u!4 &5588209645214417881
Transform:
  m_ObjectHideFlags: 0
  m_CorrespondingSourceObject: {fileID: 0}
  m_PrefabInstance: {fileID: 0}
  m_PrefabAsset: {fileID: 0}
  m_GameObject: {fileID: 2061820252599056432}
  m_LocalRotation: {x: 0, y: 0, z: 0, w: 1}
  m_LocalPosition: {x: 0, y: 0, z: 0}
  m_LocalScale: {x: 1, y: 1, z: 1}
  m_Children:
  - {fileID: 6656332528371308086}
  m_Father: {fileID: 0}
  m_RootOrder: 0
  m_LocalEulerAnglesHint: {x: 0, y: 0, z: 0}
--- !u!114 &7311583696175242436
MonoBehaviour:
  m_ObjectHideFlags: 0
  m_CorrespondingSourceObject: {fileID: 0}
  m_PrefabInstance: {fileID: 0}
  m_PrefabAsset: {fileID: 0}
  m_GameObject: {fileID: 2061820252599056432}
  m_Enabled: 1
  m_EditorHideFlags: 0
  m_Script: {fileID: 11500000, guid: 5040ba36499acaa4ea524b6f06f616dc, type: 3}
  m_Name: 
  m_EditorClassIdentifier: 
  _settings: {fileID: 11400000, guid: ff05f9754d7fb784699444d839124c96, type: 2}
  _damageSource: {fileID: 4306045537015127347}
  _shootingPoint: {fileID: 4923901133721681195}
  _rotator: {fileID: 2456851952261279217}
--- !u!114 &4306045537015127347
MonoBehaviour:
  m_ObjectHideFlags: 0
  m_CorrespondingSourceObject: {fileID: 0}
  m_PrefabInstance: {fileID: 0}
  m_PrefabAsset: {fileID: 0}
  m_GameObject: {fileID: 2061820252599056432}
  m_Enabled: 1
  m_EditorHideFlags: 0
  m_Script: {fileID: 11500000, guid: 69f6711102eebb4459e58da1c8e3fbee, type: 3}
  m_Name: 
  m_EditorClassIdentifier: 
--- !u!1 &2767856668749572300
GameObject:
  m_ObjectHideFlags: 0
  m_CorrespondingSourceObject: {fileID: 0}
  m_PrefabInstance: {fileID: 0}
  m_PrefabAsset: {fileID: 0}
  serializedVersion: 6
  m_Component:
  - component: {fileID: 1209142802171687702}
  - component: {fileID: 799986536362312675}
  m_Layer: 0
  m_Name: Visual
  m_TagString: Untagged
  m_Icon: {fileID: 0}
  m_NavMeshLayer: 0
  m_StaticEditorFlags: 0
  m_IsActive: 1
--- !u!4 &1209142802171687702
Transform:
  m_ObjectHideFlags: 0
  m_CorrespondingSourceObject: {fileID: 0}
  m_PrefabInstance: {fileID: 0}
  m_PrefabAsset: {fileID: 0}
  m_GameObject: {fileID: 2767856668749572300}
  m_LocalRotation: {x: -0, y: -0, z: -0, w: 1}
  m_LocalPosition: {x: 0.152, y: 0, z: 0}
  m_LocalScale: {x: 0.1, y: 0.1, z: 1}
  m_Children: []
  m_Father: {fileID: 6656332528371308086}
  m_RootOrder: 0
  m_LocalEulerAnglesHint: {x: 0, y: 0, z: 0}
--- !u!212 &799986536362312675
SpriteRenderer:
  m_ObjectHideFlags: 0
  m_CorrespondingSourceObject: {fileID: 0}
  m_PrefabInstance: {fileID: 0}
  m_PrefabAsset: {fileID: 0}
  m_GameObject: {fileID: 2767856668749572300}
  m_Enabled: 1
  m_CastShadows: 0
  m_ReceiveShadows: 0
  m_DynamicOccludee: 1
  m_MotionVectors: 1
  m_LightProbeUsage: 1
  m_ReflectionProbeUsage: 1
  m_RenderingLayerMask: 1
  m_RendererPriority: 0
  m_Materials:
  - {fileID: 10754, guid: 0000000000000000f000000000000000, type: 0}
  m_StaticBatchInfo:
    firstSubMesh: 0
    subMeshCount: 0
  m_StaticBatchRoot: {fileID: 0}
  m_ProbeAnchor: {fileID: 0}
  m_LightProbeVolumeOverride: {fileID: 0}
  m_ScaleInLightmap: 1
  m_ReceiveGI: 1
  m_PreserveUVs: 0
  m_IgnoreNormalsForChartDetection: 0
  m_ImportantGI: 0
  m_StitchLightmapSeams: 1
  m_SelectedEditorRenderState: 0
  m_MinimumChartSize: 4
  m_AutoUVMaxDistance: 0.5
  m_AutoUVMaxAngle: 89
  m_LightmapParameters: {fileID: 0}
  m_SortingLayerID: 0
  m_SortingLayer: 0
  m_SortingOrder: 0
  m_Sprite: {fileID: 21300000, guid: 115b4b06e2c371c4782e2813f8ae9774, type: 3}
  m_Color: {r: 0.8962264, g: 0.15641688, b: 0.15641688, a: 1}
  m_FlipX: 0
  m_FlipY: 0
  m_DrawMode: 0
  m_Size: {x: 7.81, y: 4.46}
  m_AdaptiveModeThreshold: 0.5
  m_SpriteTileMode: 0
  m_WasSpriteAssigned: 1
  m_MaskInteraction: 0
  m_SpriteSortPoint: 0
--- !u!1 &7089898319173567043
GameObject:
  m_ObjectHideFlags: 0
  m_CorrespondingSourceObject: {fileID: 0}
  m_PrefabInstance: {fileID: 0}
  m_PrefabAsset: {fileID: 0}
  serializedVersion: 6
  m_Component:
  - component: {fileID: 6656332528371308086}
  - component: {fileID: 2456851952261279217}
  m_Layer: 0
  m_Name: Axis
  m_TagString: Untagged
  m_Icon: {fileID: 0}
  m_NavMeshLayer: 0
  m_StaticEditorFlags: 0
  m_IsActive: 1
--- !u!4 &6656332528371308086
Transform:
  m_ObjectHideFlags: 0
  m_CorrespondingSourceObject: {fileID: 0}
  m_PrefabInstance: {fileID: 0}
  m_PrefabAsset: {fileID: 0}
  m_GameObject: {fileID: 7089898319173567043}
  m_LocalRotation: {x: 0, y: 0, z: 0, w: 1}
  m_LocalPosition: {x: 0, y: 0, z: 0}
  m_LocalScale: {x: 1, y: 1, z: 1}
  m_Children:
  - {fileID: 1209142802171687702}
  - {fileID: 4634890336753224327}
  m_Father: {fileID: 5588209645214417881}
  m_RootOrder: 0
  m_LocalEulerAnglesHint: {x: 0, y: 0, z: 0}
--- !u!114 &2456851952261279217
MonoBehaviour:
  m_ObjectHideFlags: 0
  m_CorrespondingSourceObject: {fileID: 0}
  m_PrefabInstance: {fileID: 0}
  m_PrefabAsset: {fileID: 0}
  m_GameObject: {fileID: 7089898319173567043}
  m_Enabled: 1
  m_EditorHideFlags: 0
  m_Script: {fileID: 11500000, guid: fbc11c146662b81408cacd8a076fec34, type: 3}
  m_Name: 
  m_EditorClassIdentifier: 
  _rotationSettings:
    LimitFrom: -10
    LimitTo: 10
    Angle: 0
  _rotationSpeed: 10
--- !u!1001 &1300329462382825158
PrefabInstance:
  m_ObjectHideFlags: 0
  serializedVersion: 2
  m_Modification:
    m_TransformParent: {fileID: 6656332528371308086}
    m_Modifications:
    - target: {fileID: 5933988345575932993, guid: 590cef2b01bda7544a7bff3c3f3df874,
        type: 3}
      propertyPath: m_LocalPosition.x
      value: 0.52500004
      objectReference: {fileID: 0}
    - target: {fileID: 5933988345575932993, guid: 590cef2b01bda7544a7bff3c3f3df874,
        type: 3}
      propertyPath: m_LocalPosition.y
      value: 0
      objectReference: {fileID: 0}
    - target: {fileID: 5933988345575932993, guid: 590cef2b01bda7544a7bff3c3f3df874,
        type: 3}
      propertyPath: m_LocalPosition.z
      value: 0
      objectReference: {fileID: 0}
    - target: {fileID: 5933988345575932993, guid: 590cef2b01bda7544a7bff3c3f3df874,
        type: 3}
      propertyPath: m_LocalRotation.x
      value: -0
      objectReference: {fileID: 0}
    - target: {fileID: 5933988345575932993, guid: 590cef2b01bda7544a7bff3c3f3df874,
        type: 3}
      propertyPath: m_LocalRotation.y
      value: -0
      objectReference: {fileID: 0}
    - target: {fileID: 5933988345575932993, guid: 590cef2b01bda7544a7bff3c3f3df874,
        type: 3}
      propertyPath: m_LocalRotation.z
      value: -0
      objectReference: {fileID: 0}
    - target: {fileID: 5933988345575932993, guid: 590cef2b01bda7544a7bff3c3f3df874,
        type: 3}
      propertyPath: m_LocalRotation.w
      value: 1
      objectReference: {fileID: 0}
    - target: {fileID: 5933988345575932993, guid: 590cef2b01bda7544a7bff3c3f3df874,
        type: 3}
      propertyPath: m_RootOrder
      value: 1
      objectReference: {fileID: 0}
    - target: {fileID: 5933988345575932993, guid: 590cef2b01bda7544a7bff3c3f3df874,
        type: 3}
      propertyPath: m_LocalEulerAnglesHint.x
      value: 0
      objectReference: {fileID: 0}
    - target: {fileID: 5933988345575932993, guid: 590cef2b01bda7544a7bff3c3f3df874,
        type: 3}
      propertyPath: m_LocalEulerAnglesHint.y
      value: 0
      objectReference: {fileID: 0}
    - target: {fileID: 5933988345575932993, guid: 590cef2b01bda7544a7bff3c3f3df874,
        type: 3}
      propertyPath: m_LocalEulerAnglesHint.z
      value: 0
      objectReference: {fileID: 0}
    - target: {fileID: 5933988345575932992, guid: 590cef2b01bda7544a7bff3c3f3df874,
        type: 3}
      propertyPath: m_Name
      value: ShootingPoint
      objectReference: {fileID: 0}
    m_RemovedComponents: []
  m_SourcePrefab: {fileID: 100100000, guid: 590cef2b01bda7544a7bff3c3f3df874, type: 3}
--- !u!4 &4634890336753224327 stripped
Transform:
  m_CorrespondingSourceObject: {fileID: 5933988345575932993, guid: 590cef2b01bda7544a7bff3c3f3df874,
    type: 3}
  m_PrefabInstance: {fileID: 1300329462382825158}
  m_PrefabAsset: {fileID: 0}
--- !u!114 &4923901133721681195 stripped
MonoBehaviour:
  m_CorrespondingSourceObject: {fileID: 6223560443765601261, guid: 590cef2b01bda7544a7bff3c3f3df874,
    type: 3}
  m_PrefabInstance: {fileID: 1300329462382825158}
  m_PrefabAsset: {fileID: 0}
  m_GameObject: {fileID: 0}
  m_Enabled: 1
  m_EditorHideFlags: 0
  m_Script: {fileID: 11500000, guid: 4c3a7be8150b34048a34f07b2a46a781, type: 3}
  m_Name: 
  m_EditorClassIdentifier: 
